@article{nie_2012,
    title={Linear regression with an independent variable subject to a detection limit},
  author={Nie, Lei and Chu, Haitao and Liu, Chenglong and Cole, Stephen R and Vexler, Albert and Schisterman, Enrique F},
  journal={Epidemiology (Cambridge, Mass.)},
  volume={21},
  number={Suppl 4},
  pages={S17},
  year={2010},
  publisher={NIH Public Access}
}

@article{lynn_2001,
  title={Maximum likelihood inference for left-censored HIV RNA data},
  author={Lynn, Henry S},
  journal={Statistics in Medicine},
  volume={20},
  number={1},
  pages={33--45},
  year={2001},
  publisher={Wiley Online Library}
}

@article{cole_2009,
  title={Estimating the odds ratio when exposure has a limit of detection},
  author={Cole, Stephen R and Chu, Haitao and Nie, Lei and Schisterman, Enrique F},
  journal={International Journal of Epidemiology},
  volume={38},
  number={6},
  pages={1674--1680},
  year={2009},
  publisher={Oxford University Press}
}

@article{wu_2012,
  title={A Bayesian approach for generalized linear models with explanatory biomarker measurement variables subject to detection limit: an application to acute lung injury},
  author={Wu, Huiyun and Chen, Qingxia and Ware, Lorraine B and Koyama, Tatsuki},
  journal={Journal of Applied Statistics},
  volume={39},
  number={8},
  pages={1733--1747},
  year={2012},
  publisher={Taylor \& Francis}
}

@article{may_2011,
  title={Maximum likelihood estimation in generalized linear models with multiple covariates subject to detection limits},
  author={May, Ryan C and Ibrahim, Joseph G and Chu, Haitao},
  journal={Statistics in Medicine},
  volume={30},
  number={20},
  pages={2551--2561},
  year={2011},
  publisher={Wiley Online Library}
}

@article{louis_1982,
  title={Finding the observed information matrix when using the EM algorithm},
  author={Louis, Thomas A},
  journal={Journal of the Royal Statistical Society: Series B (Methodological)},
  volume={44},
  number={2},
  pages={226--233},
  year={1982},
  publisher={Wiley Online Library}
}

@article{gilks_1995,
  title={Adaptive rejection Metropolis sampling within Gibbs sampling},
  author={Gilks, Wally R and Best, Nicky G and Tan, KKC},
  journal={Journal of the Royal Statistical Society: Series C (Applied Statistics)},
  volume={44},
  number={4},
  pages={455--472},
  year={1995},
  publisher={Wiley Online Library}
}

@article{neal_2003,
  title={Slice sampling},
  author={Neal, Radford M},
  journal={Annals of Statistics},
  pages={705--741},
  year={2003},
  publisher={JSTOR}
}